<?xml version="1.0" encoding="UTF-8"?><collection xmlns="http://www.loc.gov/MARC21/slim"><record><leader>00454nam--2200169-i-4500</leader><controlfield tag="001">000016101</controlfield><controlfield tag="002">20161230</controlfield><controlfield tag="005">20161230201031</controlfield><controlfield tag="008">060222s1000------------r-----000-0-eng-d</controlfield><datafield ind1=" " ind2=" " tag="040"><subfield code="a">IFIN-HH</subfield></datafield><datafield ind1=" " ind2=" " tag="080"><subfield code="a">543.422.25. 539.143.43</subfield></datafield><datafield ind1="1" ind2=" " tag="100"><subfield code="a">Corio, P.L</subfield></datafield><datafield ind1="1" ind2="0" tag="245"><subfield code="a">Structure of high-resolution nmr spectra</subfield><subfield code="c">P.l. corio</subfield></datafield><datafield ind1=" " ind2=" " tag="260"><subfield code="a">New York</subfield><subfield code="b">Academic Press</subfield><subfield code="c">1966</subfield></datafield><datafield ind1=" " ind2=" " tag="300"><subfield code="a">XI + 548 P</subfield></datafield><datafield ind1=" " ind2=" " tag="852"><subfield code="a">25996</subfield><subfield code="c">539.143.43</subfield></datafield><datafield ind1=" " ind2=" " tag="CAT"><subfield code="a">Sys</subfield><subfield code="c">20120420</subfield><subfield code="h">142435</subfield></datafield></record></collection>